<?xml version="1.0" encoding="UTF-8"?>
<collection xmlns:xsi="http://www.w3.org/2001/XMLSchema-instance" xsi:schemaLocation="http://www.loc.gov/MARC21/slim http://www.loc.gov/standards/marcxml/schema/MARC21slim.xsd" xmlns="http://www.loc.gov/MARC21/slim">
<record>
  <leader>01444cam a2200289 a 4500</leader>
  <controlfield tag="001">2959348</controlfield>
  <controlfield tag="003">NNC</controlfield>
  <controlfield tag="005">20130426002831.0</controlfield>
  <controlfield tag="008">870514s1925    ua       b   f001 0 ara  </controlfield>
  <datafield tag="010" ind1=" " ind2=" ">
    <subfield code="a">   72261076 </subfield>
  </datafield>
  <datafield tag="035" ind1=" " ind2=" ">
    <subfield code="a">(OCoLC)ocm15686604</subfield>
  </datafield>
  <datafield tag="035" ind1=" " ind2=" ">
    <subfield code="9">ASK4485CU</subfield>
  </datafield>
  <datafield tag="035" ind1=" " ind2=" ">
    <subfield code="a">(NNC)2959348</subfield>
  </datafield>
  <datafield tag="040" ind1=" " ind2=" ">
    <subfield code="a">DLC</subfield>
    <subfield code="c">IUL</subfield>
    <subfield code="d">IUL</subfield>
    <subfield code="d">ZCU</subfield>
  </datafield>
  <datafield tag="050" ind1=" " ind2=" ">
    <subfield code="a">BP194.1</subfield>
    <subfield code="b">.K5</subfield>
  </datafield>
  <datafield tag="100" ind1="1" ind2=" ">
    <subfield code="a">Ibn al-Khayyāṭ, ʻAbd al-Raḥīm ibn Muḥammad,</subfield>
    <subfield code="d">-approximately 912.</subfield>
  </datafield>
  <datafield tag="240" ind1="1" ind2="0">
    <subfield code="a">Intiṣār</subfield>
  </datafield>
  <datafield tag="245" ind1="1" ind2="0">
    <subfield code="a">Kitāb al-Intiṣār wa-al-radd ʻalá Ibn al-Rāwandī al-mulḥid :</subfield>
    <subfield code="b">mā qaṣada bihi min al-kidhb ʻalá al-Muslimīn wa-al-ṭaʻn ʻalayhim /</subfield>
    <subfield code="c">taʾlīf Abī al-Ḥusayn ʻAbd al-Raḥīm ibn Muḥammad ibn ʻUthmān al-Khayyāṭ al-Muʻtazilī ; maʻa muqaddimah wa-taḥqiq wa-taʻlīqāt li-Naybirj.</subfield>
  </datafield>
  <datafield tag="260" ind1=" " ind2=" ">
    <subfield code="a">al-Qāhirah :</subfield>
    <subfield code="b">Lajnat al-Taʾlīf wa-al-Tarjamah wa-al-Nashr :</subfield>
    <subfield code="b">Maṭbaʻat Dār al-Kutub al-Miṣrīyah,</subfield>
    <subfield code="c">1925.</subfield>
  </datafield>
  <datafield tag="300" ind1=" " ind2=" ">
    <subfield code="a">66, 252 p. ;</subfield>
    <subfield code="c">22 cm.</subfield>
  </datafield>
  <datafield tag="500" ind1=" " ind2=" ">
    <subfield code="a">Title on added t.p.: Le livre du triomphe et de la réfutation d'ibn er-Rawendi l'hérétique / par Abou l-Hosein Abderrahim ibn Mohammed ibn Osman el-Khayyat.</subfield>
  </datafield>
  <datafield tag="504" ind1=" " ind2=" ">
    <subfield code="a">Includes bibliographical references and indexes.</subfield>
  </datafield>
  <datafield tag="600" ind1="1" ind2="0">
    <subfield code="a">Rāwandī, Aḥmad ibn Yaḥyá,</subfield>
    <subfield code="d">active 9th century.</subfield>
    <subfield code="t">Faḍīḥat al-Muʻtazilah.</subfield>
  </datafield>
  <datafield tag="650" ind1=" " ind2="0">
    <subfield code="a">Motazilites.</subfield>
  </datafield>
  <datafield tag="650" ind1=" " ind2="0">
    <subfield code="a">Shiites</subfield>
    <subfield code="v">Controversial literature.</subfield>
  </datafield>
  <datafield tag="740" ind1="0" ind2="1">
    <subfield code="a">Intiṣār.</subfield>
  </datafield>
  <datafield tag="955" ind1=" " ind2=" ">
    <subfield code="b">CU55328733</subfield>
    <subfield code="d">off,glx</subfield>
    <subfield code="e">BP194.1 .K5</subfield>
  </datafield>
</record>
</collection>